% Fichier de références BibTeX pour le rapport PFE

@article{example1,
  author  = {Auteur, Premier and Auteur, Deuxième},
  title   = {Titre de l'article},
  journal = {Nom du Journal},
  year    = {2023},
  volume  = {1},
  number  = {1},
  pages   = {1--10}
}

@book{example2,
  author    = {Auteur, Livre},
  title     = {Titre du Livre},
  publisher = {Éditeur},
  year      = {2022},
  address   = {Ville},
  edition   = {1}
}

@inproceedings{example3,
  author    = {Auteur, Conférence},
  title     = {Titre de la Présentation},
  booktitle = {Nom de la Conférence},
  year      = {2021},
  pages     = {100--110},
  address   = {Lieu de la Conférence}
}

@online{example4,
  author  = {Auteur, Web},
  title   = {Titre de la Page Web},
  year    = {2023},
  url     = {https://www.example.com},
  urldate = {2023-05-01}
}

% Ajoutez vos références ici
